{1:F01ABNGCMCXXXXX0001000001}{2:I940ABNGCMCXXXXXN}{4:
:20:001ASTM252160040
:25:00101300274
:28C:00446/001
:60F:C250801XAF8101228,
:61:2508010801C383281228,NACT099000n252130001//099000n252130001
:86:WISE COMPUTERS/Invoice no.F25D00033 of 1/8/2025-ACCESS BANK
:61:2507310731D15000000,NSCW001CQWL252135009//001CQWL252135009
:86:CHQ 000000024542 PD TAMBEKOU LIONEL AKWA BRANCH
:61:2508010801D10338,NCEC099CSTF252130009//099CSTF252130009
:86:/INV/D20250788 DT 16/07/2025 //SGS-30912-94 //25/07/2025 //IM155
:61:2508010801D1033788,NTRF099CSTF252130009//099CSTF252130009
:86:/INV/D20250788 DT 16/07/2025 //SGS-30912-94 //25/07/2025 //IM155
:61:2508010801D1990,NVAT099CSTF252130009//099CSTF252130009
:86:/INV/D20250788 DT 16/07/2025 //SGS-30912-94 //25/07/2025 //IM155
:62F:C250801XAF375336340,
:64:C250801XAF375336340,
-}{5:{PDE:}}